<?xml version="1.0" encoding="UTF-8"?><collection xmlns="http://www.loc.gov/MARC21/slim"><record><leader>00489nam--2200193-i-4500</leader><controlfield tag="001">000012736</controlfield><controlfield tag="002">20161230</controlfield><controlfield tag="005">20161230201029</controlfield><controlfield tag="008">060222s1000------------r-----000-0-rum-d</controlfield><datafield ind1=" " ind2=" " tag="040"><subfield code="a">IFIN-HH</subfield></datafield><datafield ind1=" " ind2=" " tag="041"><subfield code="a">rum</subfield></datafield><datafield ind1=" " ind2=" " tag="080"><subfield code="a">531(075.8)</subfield></datafield><datafield ind1="1" ind2=" " tag="100"><subfield code="a">Buzdugan, Gh</subfield></datafield><datafield ind1="1" ind2="0" tag="245"><subfield code="a">Vibratii mecanice</subfield><subfield code="c">Gh. Buzdugan, L. Fetcu, M. Rades</subfield></datafield><datafield ind1=" " ind2=" " tag="260"><subfield code="a">Bucuresti, Ed.Didactica Si Pedagogica, 1979</subfield></datafield><datafield ind1=" " ind2=" " tag="300"><subfield code="a">359 P</subfield></datafield><datafield ind1="1" ind2=" " tag="700"><subfield code="a">Rades, M</subfield></datafield><datafield ind1=" " ind2=" " tag="852"><subfield code="a">46260</subfield><subfield code="c">531</subfield></datafield><datafield ind1=" " ind2=" " tag="CAT"><subfield code="a">Sys</subfield><subfield code="c">20100630</subfield><subfield code="h">093614</subfield></datafield></record></collection>